<?xml version="1.0" encoding="UTF-8"?><collection xmlns="http://www.loc.gov/MARC21/slim"><record><leader>00360nam--2200157-i-4500</leader><controlfield tag="001">000033727</controlfield><controlfield tag="002">20161230</controlfield><controlfield tag="005">20170128172910</controlfield><controlfield tag="008">060222s1000------------r-----000-0-eng-d</controlfield><datafield ind1=" " ind2=" " tag="080"><subfield code="a">621</subfield></datafield><datafield ind1=" " ind2=" " tag="100"><subfield code="a">Nehendzi, I. A</subfield></datafield><datafield ind1=" " ind2=" " tag="245"><subfield code="a">Turnarea otelului</subfield></datafield><datafield ind1=" " ind2=" " tag="260"><subfield code="a">Bucuresti</subfield><subfield code="b">Ed.Tehnica</subfield><subfield code="c">1952</subfield></datafield><datafield ind1=" " ind2=" " tag="300"><subfield code="a">766 p</subfield></datafield><datafield ind1=" " ind2=" " tag="852"><subfield code="a">26718</subfield></datafield><datafield ind1=" " ind2=" " tag="CAT"><subfield code="a">SYS</subfield><subfield code="c">20170128</subfield><subfield code="h">172910</subfield></datafield></record></collection>